<collection xmlns="http://www.loc.gov/MARC21/slim"><record><leader>00824nam  2200253   450</leader><controlfield tag="001">511</controlfield><controlfield tag="003">http://montalegre.opacnet.com/OPAC/default.aspx?ContentAreaControl=ShowRegHoldings.ascx&amp;RegNo=16662</controlfield><controlfield tag="005">20</controlfield><datafield tag="021" ind1=" " ind2=" "><subfield code="a">PT</subfield><subfield code="b">11539/86</subfield></datafield><datafield tag="100" ind1=" " ind2=" "><subfield code="a">20120112d1986    k  y0pora010305  ba</subfield></datafield><datafield tag="101" ind1="1" ind2=" "><subfield code="a">por</subfield><subfield code="c">eng</subfield></datafield><datafield tag="102" ind1=" " ind2=" "><subfield code="a">PT</subfield></datafield><datafield tag="200" ind1="1" ind2=" "><subfield code="a">O 10º homem</subfield><subfield code="f">Graham Greene</subfield><subfield code="g">trad.: Ricardo Alberty</subfield></datafield><datafield tag="210" ind1=" " ind2=" "><subfield code="a">Lisboa</subfield><subfield code="c">Ulisseia</subfield><subfield code="d">1986</subfield></datafield><datafield tag="215" ind1=" " ind2=" "><subfield code="a">140, [4] p.</subfield><subfield code="d">23 cm</subfield></datafield><datafield tag="225" ind1="2" ind2=" "><subfield code="a">Clássicos do romance contemporâneo</subfield><subfield code="v">52</subfield></datafield><datafield tag="304" ind1=" " ind2=" "><subfield code="a">Tit. ori.: The Tenth man</subfield></datafield><datafield tag="532" ind1="1" ind2="0"><subfield code="a">O Décimo Homem</subfield></datafield><datafield tag="675" ind1=" " ind2=" "><subfield code="a">821</subfield></datafield><datafield tag="700" ind1=" " ind2="1"><subfield code="a">Greene</subfield><subfield code="b">Graham</subfield><subfield code="f">1904-1991</subfield></datafield><datafield tag="702" ind1=" " ind2="1"><subfield code="a">Alberty</subfield><subfield code="b">Ricardo</subfield><subfield code="f">1919-1992</subfield><subfield code="4">730</subfield></datafield><datafield tag="801" ind1=" " ind2="0"><subfield code="a">PT</subfield><subfield code="b">Biblioteca Municipal de Montalegre</subfield><subfield code="g">RPC</subfield></datafield><datafield tag="856" ind1=" " ind2=" "><subfield code="u">locateMedia.asp?cod=20060517161129&amp;ext=jpg</subfield><subfield code="z">CAPA</subfield></datafield><datafield tag="909" ind1="&#9;" ind2=" "><subfield code="a">2</subfield></datafield><datafield tag="966" ind1=" " ind2=" "><subfield code="a">0008444</subfield><subfield code="l">BMM</subfield><subfield code="s">SCG 821 GRE déc 52</subfield></datafield><datafield tag="966" ind1=" " ind2=" "><subfield code="a">0008443</subfield><subfield code="l">BMM</subfield><subfield code="s">SCG 821 GRE déc 52</subfield></datafield></record></collection>